@misc{entenda_doe,
  title = {O que é design of experiments e como aplicar!},
  author = {Nortegubisian},
  year = {2020},
  howpublished = {\url{https://www.nortegubisian.com.br/blog/entenda-o-que-e-design-of-experiments-e-como-aplicar},
  {Accessed: 2020-09-18}}
}

@misc{oquee_doe,
  title = {Entenda o que é DOE - Design of experiments},
  author = {Marcelo Petenate},
  year = {2020},
  howpublished = {\url{https://www.escolaedti.com.br/entenda-o-que-e-doe},
  {Accessed: 2020-09-18}}
}


@article{coleman1993systematic,
  title={A systematic approach to planning for a designed industrial experiment},
  author={Coleman, David E and Montgomery, Douglas C},
  journal={Technometrics},
  volume={35},
  number={1},
  pages={1--12},
  year={1993},
  publisher={Taylor \& Francis Group}
}

@misc{Design,
  title = {Design of the Paper Helicopter},
  author = {Emilio Lopez},
  month = {},
  year = {2018},
  howpublished = {\url{https://cran.r-project.org/web/packages/SixSigma/vignettes/HelicopterInstructions.pdf},
  {Accessed: 2020-09-18}}
}

@misc{Experimentos,
  title = {Experimentos planejados para a Experimentos planejados para a
melhoria do processo},
  author = {Victor Hugo Victor Hugo Lachos Dávila},
  month = {},
  year = {2018},
  howpublished = {\url{https://www.ime.unicamp.br/~hlachos/planejamento.pdf},
  {Accessed: 2020-09-21}}
}

@misc{melhorespraticas,
  title = {Planejamento de Experimentos (DOE) - USP},
  author = {Henrique Rozenfeld},
  month = {},
  year = {2014},
  howpublished = {\url{http://www5.eesc.usp.br/portaldeconhecimentos/index.php/por/Conteudo/Planejamento-de-Experimentos-DOE},
  {Accessed: 2020-09-21}}
}

@article{montgomery2013estatistica,
  title={Estat{\'\i}stica aplicada e probabilidade para engenheiros, 5{\textordfeminine}},
  author={MONTGOMERY, DOUGLAS C and RUNGER, GEORGE C},
  journal={Ed. Rio de Janeiro: Editora LTC},
  year={2013}
}

